@book{manual,
	author = "Andrew D. Balmos and Sutton R. Hathorn",
	editor = "Brooke A. Parks",
	title = "Electrical Engineering Fundimentals Labratory I",
	publisher = "Balmos Hathorn"
}

@manual{datasheet,
    organization  = "Texas Instruments",
    title         = "LF356N Op-Amp Datasheet",
    year          =  2015,
    month         =  11,    
    note          = "Rev. D"
}